% How to cite RFCs is defined at https://datatracker.ietf.org/doc/html/draft-carpenter-rfc-citation-recs-01#section-5.2
@techreport{rfc3987,
    author =	{Martin J. DÃ¼rst and Michel Suignard},
	title =		{{Internationalized Resource Identifiers (IRIs)}},
	series =	{Request for Comments},
	number =	3987,
	howpublished =	{RFC 3987},
	publisher =	{RFC Editor},
	doi =		{10.17487/RFC3987},
	url =		{https://rfc-editor.org/rfc/rfc3987.txt},
	pagetotal =	46,
	year =		2005,
	month =		{January},
	issn =		{2070-1721},
    institution = {Internet Engineering Task Force (IETF)}
}

% A suggestion to cite W3C recommendations or notes
@techreport{rdfprimer,
  title={{RDF} 1.1 {P}rimer},
  author={Schreiber, Guus and Raimond, Yves},
  institution = {W3C},
  type = {{W3C} {N}ote},
  day={24},
  month={June},
  year={2014},
  url={http://www.w3.org/TR/2014/NOTE-rdf11-primer-20140624/}
}

@techreport{rdfs1.1,
  title={{RDF} {S}chema 1.1},
  author={Brickley, Dan and Guha, R.V. and McBride, Brian},
  institution = {W3C},
  type = {{W3C} {R}ecommendation},
  day={25},
  month={February},
  year={2014},
  url={http://www.w3.org/TR/2014/REC-rdf-schema-20140225/}
}

% Paper example
@InProceedings{power2022,
  author    = {Max Power and Min Effort},
  booktitle = {Proceedings of the 1st International Conference on Really Important Things (ICRIT)},
  title     = {{A Really Good Paper}},
  year      = {2022},
  pages     = {62-69},
  publisher = {Fancy Publisher},
  url       = {https://example.org/fancy-paper.pdf},
  doi={10.1109/ICSC50631.2021.00015}
}

% NMPI example
@inproceedings{bouma2009,
address = {T\"{u}bingen},
author = {Bouma, G.},
booktitle = {From Form to Meaning: Processing Texts Automatically, Proceedings of the Biennial GSCL Conference 2009},
keywords = {SML-LIB-BIBLIO,lang:ENG},
mendeley-tags = {SML-LIB-BIBLIO,lang:ENG},
pages = {31--40},
title = {{Normalized (pointwise) mutual information in collocation extraction}},
volume = {Normalized},
year = {2009}
}

@inproceedings{stevens2012,
 author = {Stevens, Keith and Kegelmeyer, Philip and Andrzejewski, David and Buttler, David},
 title = {Exploring Topic Coherence over Many Models and Many Topics},
 booktitle = {Proceedings of the 2012 Joint Conference on Empirical Methods in Natural Language Processing and Computational Natural Language Learning},
 series = {EMNLP-CoNLL '12},
 year = {2012},
 location = {Jeju Island, Korea},
 pages = {952--961},
 numpages = {10},
 url = {http://dl.acm.org/citation.cfm?id=2390948.2391052},
 acmid = {2391052},
 publisher = {Association for Computational Linguistics},
 address = {Stroudsburg, PA, USA},
}